<?xml version="1.0" encoding="UTF-8"?>
<collection xmlns:xsi="http://www.w3.org/2001/XMLSchema-instance" xsi:schemaLocation="http://www.loc.gov/MARC21/slim http://www.loc.gov/standards/marcxml/schema/MARC21slim.xsd" xmlns="http://www.loc.gov/MARC21/slim">
<record>
  <leader>01103cam a22002411  4500</leader>
  <controlfield tag="001">3071679</controlfield>
  <controlfield tag="003">NNC</controlfield>
  <controlfield tag="005">20130426015418.0</controlfield>
  <controlfield tag="008">010822s1958    sy h          000 0 ara d</controlfield>
  <datafield tag="035" ind1=" " ind2=" ">
    <subfield code="a">(OCoLC)ocm47822318</subfield>
  </datafield>
  <datafield tag="035" ind1=" " ind2=" ">
    <subfield code="9">ATP4683CU</subfield>
  </datafield>
  <datafield tag="035" ind1=" " ind2=" ">
    <subfield code="a">(NNC)3071679</subfield>
  </datafield>
  <datafield tag="040" ind1=" " ind2=" ">
    <subfield code="a">ZCU</subfield>
    <subfield code="c">ZCU</subfield>
  </datafield>
  <datafield tag="099" ind1=" " ind2=" ">
    <subfield code="a">893.7Ib513</subfield>
    <subfield code="a">L</subfield>
  </datafield>
  <datafield tag="100" ind1="1" ind2=" ">
    <subfield code="a">Ibn al-Khayyāṭ, Aḥmad ibn Muḥammad,</subfield>
    <subfield code="d">1058 or 1059-1123 or 1124.</subfield>
  </datafield>
  <datafield tag="240" ind1="1" ind2="0">
    <subfield code="a">Poems</subfield>
  </datafield>
  <datafield tag="245" ind1="1" ind2="0">
    <subfield code="a">Dīwān Ibn al-Khayyāt Abī Abd-Allāh Ahmad ibn Muḥammad ibn ʻAlī al-Taghlibī, al-maʻrūf bi-Ibn al-Khayyāt al-Dimashqī, 450-517;</subfield>
    <subfield code="b">riwāyat tilmīdhihī Abī ʻAbd-Allāh Muḥammad ibn Naṣr ibn Ṣaghīr al-Khālidī al-Qaysarānī, 478-548.</subfield>
    <subfield code="c">ʻUniya bitaḥqīqihī Khalīl Mardam Bek.</subfield>
  </datafield>
  <datafield tag="260" ind1=" " ind2=" ">
    <subfield code="a">Dimashq</subfield>
    <subfield code="b">[al-Matbaʻah al-Hāsimīyah,</subfield>
    <subfield code="c">1958]</subfield>
  </datafield>
  <datafield tag="300" ind1=" " ind2=" ">
    <subfield code="a">49, 347 p.</subfield>
    <subfield code="b">10 facsims.</subfield>
  </datafield>
  <datafield tag="490" ind1="1" ind2=" ">
    <subfield code="a">Maṭbūʻāt al-Majmaʻ al-ʻIlmī al-ʻArabī bi-Dimashq</subfield>
  </datafield>
  <datafield tag="700" ind1="1" ind2=" ">
    <subfield code="a">Ibn al-Qaysarānī, Muḥammad ibn Naṣr,</subfield>
    <subfield code="d">1085-1154.</subfield>
  </datafield>
  <datafield tag="830" ind1=" " ind2="0">
    <subfield code="a">Maṭbūʻāt al-Majmaʻ al-ʻIlmī al-ʻArabī bi-Dimashq.</subfield>
  </datafield>
  <datafield tag="955" ind1=" " ind2=" ">
    <subfield code="b">CU58873902</subfield>
    <subfield code="d">off,glx</subfield>
    <subfield code="e">893.7Ib513 L</subfield>
  </datafield>
</record>
</collection>